% This file was created with JabRef 2.6.
% Encoding: UTF8
@ONLINE{t00,
  editor = {Bratková, Eva},
  editortype={compiler},
  title =  {Metody citování literatury a strukturování bibliografických záznamů podle mezinárodních norem ISO 690 a ISO 690-2}, 
  subtitle = {metodický materiál pro autory vysokoškolských kvalifikačních prací}, edition = {Verze 2.0, aktualiz. a rozšíř.}, 
  location = {Praha},
  publisher = {Odborná komise pro otázky elektronického zpřístupňování vysokoškolských kvalifikačních prací, Asociace knihoven vysokých škol ČR},
  date = {2008-12-22},
  pagetotal = {60}, 
  url = {http://www.evskp.cz/SD/4c.pdf},
  urldate = {2011-02-02},
  hyphenation={czech} 
}

@BOOK{t01,
  author = {Borgman, Christine L.}, 
  year={2003},
  title = {From Gutenberg to the global information infrastructure}, 
  subtitle = {access to information in the networked world},
  edition= {first},
  location = {Cambridge (Mass)}, 
  publisher = {The MIT Press},
  pagetotal =  {xviii, 324},
  isbn =  {0-262-52345-0},
  hyphenation={english}
}

@ARTICLE{t03,
  author = {LYNCH, C.},
  year = {2005},
  title = {Where do we go from here?},
  subtitle = {the next decade for digital libraries},
  journaltitle = {DLib Magazine},
  volume =  {11},
  number = {7/8},
  urldate ={2005-08-15},
  url = {http://www.dlib.org/dlib/july05/lynch/07lynch.html}, 
  issn = {1082-9873},
  hyphenation = {english} 
}

@COLLECTION{sbornik,
title = {Mimořádně užitečný sborník},
editor = {Geniální, Jiří},
year = {2007},
hyphenation = {czech},
location = {Praha},
publisher = {Academia},
isbn = {978-222-626-222-2}
}